
@misc{Refactoring.Guru,
  title = {Patrones de diseño},
  howpublished = {\url{https://refactoring.guru/es/design-patterns}},
  note = {Consultado el 6 de mayo de 2024},
}

@misc{Design_partterns,
  title = {Abstract Factory Design Pattern},
  howpublished = {\url{https://sourcemaking.com/design_patterns/abstract_factory}},
  note = {Consultado el 6 de mayo de 2024},
}

@misc{Stack_Overflow,
  title = {Difference between Structural Design Pattern and Behavioral Design Pattern?},
  howpublished = {\url{https://stackoverflow.com/questions/13472904/difference-between-structural-\\design-pattern-and-behavioral-design-pattern}},
  note = {Consultado el 6 de mayo de 2024},
}


@misc{catalogo_de_patrones,
  title = {El catálogo de patrones de diseño},
  howpublished = {\url{https://refactoring.guru/es/design-patterns/catalog}},
  note = {Consultado el 6 de mayo de 2024},
}



@online{Patterns_anti,
  author = {{Michigan Engineering Prof. Kochunas}},
  title = {Patterns and Anti-Patterns},
  year = {2023},
  url = {https://web.eecs.umich.edu/~xwangsd/courses/w23/lectures/se-16-patterns.pdf},
  note = {Consultado el 6 de mayo de 2024},
}
https://refactoring.guru/es/design-patterns/composite

@misc{composite.Guru,
  title = {Composite},
  howpublished = {\url{https://refactoring.guru/es/design-patterns/composite
}},
  note = {Consultado el 7 de mayo de 2024},
}



@misc{iterator,
  title = {iterator},
  howpublished = {\url{https://refactoring.guru/es/design-patterns/iterator}},
  note = {Consultado el 7 de mayo de 2024},
}
@misc{chainof,
  title = {Chain of responsibility},
  howpublished = {\url{https://sourcemaking.com/design-patterns/chain-of-responsibility}},
  note = {Consultado el 7 de mayo de 2024},
}



@online{lobserver,
  title = {Observer},
  url = {https://refactoring.guru/es/design-patterns/observer},
  note = {Consultado el 7 de mayo de 2024},
}

@online{Adapter,
  title = {Adaper},
  howpublished = {\url{https://refactoring.guru/es/design-patterns/adapter}},
  note = {Consultado el 6 mayo de 2024},
}
